% Utiliser \cite{identifiant}
%	author=		{KLINGER, Evelyne and KADRI, Abdelmajid and SORITA, Eric and LE GUIET, Jean-Luc and COIGNARD, Pauline},

@Book{traiteRV1,
  title = 	{Le traité de la réalité virtuelle},
  volume = 	{1 : L'homme et l'environnement virtuel},
  author = 	{FUCHS, P. and MOREAU, G. and BERTHOZ, A. and VERCHER, J-L.},
  publisher =	{École des Mines de Paris},
  year =		{2006}
}
 
@Book{traiteRV4,
  title = 	{Le traité de la réalité virtuelle},
  volume = 	{4 : Les applications de la réalité virtuelle},
  author = 	{FUCHS, P. and MOREAU, G. and ARNALDI, B. and GUITTON, P.},
  publisher =	{École des Mines de Paris},
  year = 		{2006}
}
 
@Misc{kerpape,
  title =        {Centre mutualiste de rééducation et de réadaptation fonctionnelles de Kerpape},
  howpublished = {\url{http://www.kerpape.mutualite56.fr/fr}},
  month=		{sept},
  year=			{2014}
}

@Misc{agathe,
	title=			{AGATHE : a tool for personalized rehabilitation of cognitive functions based on simulated activities of daily living},
	howpublished=	{\url{https://hal.inria.fr/file/index/docid/1061264/filename/LAMPA_IRBM_KLINGER_2013.pdf}},
	month=			{sept},
	year=			{2014}
}

@Misc{vrpn,
  title = {{VRPN - site officiel}},
  month = oct,
  year = {2014},
  howpublished = {\url{http://www.cs.unc.edu/Research/vrpn/}}
}
@Misc{blender,
  title = {{Blender - site officiel}},
  month = oct,
  year = {2014},
  howpublished = {\url{http://www.blender.org/}}
}
@Misc{unity,
  title = {{Unity3D - site officiel}},
  month = oct,
  year = {2014},
  howpublished = {\url{http://unity3d.com/}}
}
@Misc{middlevr,
  title = {{MiddleVR - site officiel}},
  month = oct,
  year = {2014},
  howpublished = {\url{http://www.imin-vr.com/middlevr/}}
}
@Misc{3dsmax,
  title = {{3ds Max - site officiel}},
  month = oct,
  year = {2014},
  howpublished = {\url{http://www.autodesk.fr/products/3ds-max/overview}}
}
@Misc{archeologie,
  title = {{Immersia, an open immersive infrastructure: doing
archaeology in virtual reality}},
  month = oct,
  year = {2014},
  howpublished = {\url{https://hal.archives-ouvertes.fr/hal-01003383/document}}
}