% Utiliser \cite{identifiant}

@Misc{identifiant,
  title = {Titre},
  month = oct,
  year = {2014},
  howpublished = {\url{http://www.google.fr/}}
}
@Misc{vrpn,
  title = {{Vrpn - site officiel}},
  month = oct,
  year = {2014},
  howpublished = {\url{http://www.cs.unc.edu/Research/vrpn/}}
}
@Misc{blender,
  title = {{Blender - site officiel}},
  month = oct,
  year = {2014},
  howpublished = {\url{http://www.blender.org/}}
}
@Misc{unity,
  title = {{Unity - site officiel}},
  month = oct,
  year = {2014},
  howpublished = {\url{http://unity3d.com/}}
}
@Misc{middlevr,
  title = {{MiddleVR - site officiel}},
  month = oct,
  year = {2014},
  howpublished = {\url{http://www.imin-vr.com/middlevr/}}
}
@Misc{3dsmax,
  title = {{3DSmax - site officiel}},
  month = oct,
  year = {2014},
  howpublished = {\url{http://www.autodesk.fr/products/3ds-max/overview}}
}